@article{ test,
	title = "Test paper",
	author = "Max Mustermann",
	journal = "Unknown journal",
	volume = 1,
	number = 1,
	year = 2013,
}
